Automatically generated by Mendeley 1.8.2
Any changes to this file will be lost if it is regenerated by Mendeley.

@article{Lambrinos2000,
author = {Lambrinos, D and M\"{o}ller, R and Labhart, T and Pfeifer, R and Wehner, R},
doi = {10.1016/S0921-8890(99)00064-0},
file = {:home/thibaut/T\'{e}l\'{e}chargements/Lambrinos\_etal\_RobAutSyst2000.pdf:pdf},
issn = {09218890},
journal = {Robotics and Autonomous Systems},
keywords = {insect navigation,path integration,polarization vision,robot navigation,visual landmark navigation},
month = jan,
number = {1-2},
pages = {39--64},
title = {{A mobile robot employing insect strategies for navigation}},
url = {http://linkinghub.elsevier.com/retrieve/pii/S0921889099000640},
volume = {30},
year = {2000}
}
@article{Carwright1983,
author = {Carwright, BA and Collet, TS},
file = {:home/thibaut/T\'{e}l\'{e}chargements/Cartwright 1983 Landmark Learning in Bees.pdf:pdf},
journal = {Journal of Comparative Physiology},
pages = {521--543},
title = {{Landmark learning in bees: Experiments and models}},
url = {http://scholar.google.com/scholar?hl=en\&btnG=Search\&q=intitle:Landmark+Learning+in+Bees+Experiments+and+Models\#5},
year = {1983}
}
@article{Gourichon2002,
author = {Gourichon, S and Meyer, JA and Pirim, P},
file = {:home/thibaut/T\'{e}l\'{e}chargements/2002ACLI395.pdf:pdf},
journal = {International Journal of Robotics and Automation},
title = {{Using coloured snapshots for short-range guidance in mobile robots}},
url = {http://www.isir.upmc.fr/files/2002ACLI395.pdf},
year = {2002}
}
